@Article{Aghabozorgi2015,
  author       = {Aghabozorgi, Saeed and Shirkhorshidi, Ali Seyed and Wah, Teh Ying},
  title        = {Time-series clustering--A decade review},
  volume       = {53},
  pages        = {16--38},
  year         = {2015},
  journal = {Information Systems},
}

@article{Atkinson2012,
  title     =   {Inter-comparison of four models for smoothing satellite sensor time-series data to estimate vegetation phenology},
  author    =   {Atkinson, Peter M and Jeganathan, C and Dash, Jadu and Atzberger, Clement},
  journal   =   {Remote sensing of environment},
  volume    =   {123},
  pages     =   {400--417},
  year      =   {2012}
}

@Article{Atzberger2011,
  author       = {Atzberger, Clement and Eilers, Paul HC},
  title        = {Evaluating the effectiveness of smoothing algorithms in the absence of ground reference measurements},
  volume       = {32},
  number       = {13},
  pages        = {3689--3709},
  year         = {2011},
  journal = {International Journal of Remote Sensing},
}

@InProceedings{Arvor2008,
  author    = {Arvor, Damien and Meirelles, Margareth Simoes Penello and Dubreuil, Vincent and Lecerf, Remi and others},
  title     = {Comparison of multitemporal MODIS-EVI smoothing algorithms and its contribution to crop monitoring},
  booktitle = {Geoscience and Remote Sensing Symposium, 2008. IGARSS 2008. IEEE International},
  volume    = {2},
  pages     = {II--958},
  year      = {2008},
}

@article{Arvor2012,
  author  = {Arvor, D. and Meirelles, M. and Dubreuil, V. and Bégué, A. and Shimabukuro, Y. E.},
  title   = {Analyzing the agricultural transition in {Mato Grosso, Brazil}, using satellite-derived indices},
  journal = {Applied Geography},
  year    = {2012},
  volume  = {32},
  number  = {2},
  pages   = {702--713},
}

@article{Belgiu2016,
  title   = {Random forest in remote sensing: A review of applications and future directions},
  author  = {Belgiu, Mariana and Dragut, Lucian},
  journal = {ISPRS Journal of Photogrammetry and Remote Sensing},
  volume  = {114},
  pages   = {24--31},
  year    = {2016},
  publisher={Elsevier}
}

@Article{Berkhin2006,
  title={A survey of clustering data mining techniques.},
  author={Berkhin, Pavel and others},
  journal={Grouping multidimensional data},
  volume={25},
  pages={71},
  year={2006},
  publisher={Springer}
}

@article{Bradley2007,
    title   =   {A curve fitting procedure to derive inter-annual phenologies from time series of noisy satellite NDVI data},
    author  =   {Bradley, Bethany A and Jacob, Robert W and Hermance, John F and Mustard, John F},
    journal =   {Remote Sensing of Environment},
    volume  =   {106},
    number  =   {2},
    pages   =   {137--145},
    year    =   {2007}
}

@article{Brown2013,
  author  = {Brown, J. Christopher and Kastens, Jude H. and Coutinho, Alexandre Camargo and Victoria, Daniel de Castro and Bishop, Christopher R.},
  title   = {Classifying multiyear agricultural land use data from {Mato Grosso} using time-series {MODIS} vegetation index data},
  journal = {Remote Sensing of Environment},
  year    = {2013},
  volume  = {130},
  pages   = {39-50},
}

@InProceedings{Camara2016,
  author       = {C{\^a}mara, Gilberto and Assis, Luiz Fernando and Ribeiro, Gilberto and Ferreira, Karine Reis and Llapa, Eduardo and Vinhas, Lubia},
  title        = {Big earth observation data analytics: matching requirements to system architectures},
  booktitle    = {Proceedings of the 5th ACM SIGSPATIAL International Workshop on Analytics for Big Geospatial Data},
  year         = {2016},
  organization = {ACM},
  pages        = {1--6},
  address      = {Burlingname, CA, USA},
}

@Article{Chen2004,
  author  = {Jin Chen and Per. J\"{o}nsson and Masayuki Tamura and Zhihui Gu andBunkei Matsushita and Lars Eklundh},
  title   = {A simple method for reconstructing a high-quality NDVI time-series data set based on the Savitzky–Golay filter},
  journal = {Remote Sensing of Environment},
  year    = {2004},
  volume  = {91},
  number  = {3-4},
  pages   = {332 - 344},
}

@book{deRooi2013,
  title     = {Penalized Estimation in High-Dimensional Data Analysis},
  author    = {de Rooi, Johan},
  year      = {2013}
  publisher = {Ipskamp drukkers},
  address   = {Enschede}
}

@Article{Esling2012,
  author    = {Esling, Philippe and Agon, Carlos},
  title     = {Time-series Data Mining},
  volume    = {45},
  number    = {1},
  pages     = {1--34},
  year      = {2012},
  journal   = {ACM Computing Surveys}
}

@article{Estel2015,
  title   = {Mapping farmland abandonment and recultivation across {Europe} using {MODIS NDVI} time series},
  author  = {Estel, Stephan and Kuemmerle, Tobias and Alcantara, Camilo and Levers, Christian and Prishchepov, Alexander and Hostert, Patrick},
  journal = {Remote Sensing of Environment},
  volume  = {163},
  pages   = {312--325},
  year    = {2015}
}

@Article{Galford2008,
  author       = {Galford, Gillian L and Mustard, John F and Melillo, Jerry and Gendrin, Aline and Cerri, Carlos C and Cerri, Carlos E},
  title        = {Wavelet analysis of {MODIS} time series to detect expansion and intensification of row-crop agriculture in {Brazil}},
  volume       = {112},
  number       = {2},
  pages        = {576--587},
  year         = {2008},
  journal = {Remote sensing of environment},
}

@Article{Gomez2016,
  author       = {Cristina Gomez and Joanne C. White and Michael A. Wulder},
  title        = {Optical remotely sensed time series data for land cover classification: A review},
  volume       = {116},
  pages        = {55 - 72},
  issn         = {0924-2716},
  year         = {2016},
  journal = {\{ISPRS\} Journal of Photogrammetry and Remote Sensing}
}

@Book{Hastie2009,
  author    = {Hastie, T. and Tibshirani, R. and Friedman J.},
  title     = {The Elements of Statistical Learning. Data Mining, Inference, and Prediction},
  year      = {2009},
  publisher = {Springer},
  address   = {New York}
}

@Article{Hansen2008,
  author  = {Hansen, Matt and Shimabukuro, Yosio and Potapov, P and Pittman, K},
  title   = {Comparing annual {MODIS} and {PRODES} forest cover change data for advancing monitoring of {Brazilian} forest cover},
  journal = {Remote Sensing of Environment},
  year    = {2008},
  volume  = {112},
  number  = {10},
  pages   = {3784-3793},
}
@Article{Hansen2013,
  author       = {Hansen, M. C. and Potapov, P. V. and Moore, R. and Hancher, M. and Turubanova, S. A. and Tyukavina, A. and Thau, D. and Stehman, S. V. and Goetz, S. J. and Loveland, T. R. and Kommareddy, A. and Egorov, A. and Chini, L. and Justice, C. O. and Townshend, J. R. G.},
  title        = {High-Resolution Global Maps of 21st-Century Forest Cover Change},
  volume       = {342},
  number       = {6160},
  pages        = {850-853},
  year         = {2013},
  journal = {Science},
}

@InCollection{Hennig2015,
  title={Clustering strategy and method selection},
  author={Hennig, Christian},
  editor={Hennig, Christian and Meila, Marina and Murtagh, Fionn and Rocci, Roberto},
  booktitle={Handbook of cluster analysis},
  year={2015},
  publisher={CRC Press}
}

@Manual{Hijmans2015,
  title  = {raster: Geographic Data Analysis and Modeling},
  author = {Robert J. Hijmans},
  year   = {2015},
}

@misc{INPE2017,
  author      = {{INPE}},
  year        = {2017},
  title       = {{Amazon Deforestation Monitoring Project - PRODES}},
  url         = {www.obt.inpe.br/prodes},
  institution = {(National Institute for Space Research, Brazil)},
}

@Book{James2013,
  author    = {James, G. and Witten, D. and Hastie, T. and Tibshirani, R.},
  title     = {An Introduction to Statistical Learning: with Applications in R},
  year      = {2013},
  publisher = {Springer},
  pages     = {441 p.},
  address   = {New York, EUA},
}

@article{Jonsson2004,
  author       = {Per Jönsson and Lars Eklundh},
  title        = {{TIMESAT}—a program for analyzing time-series of satellite sensor data},
  volume       = {30},
  number       = {8},
  pages        = {833 - 845},
  issn         = {0098-3004},
  year         = {2004},
  journal = {Computers \& Geosciences}
}

@Article{Jonsson2002,
  author       = {P. Jonsson and L. Eklundh},
  title        = {Seasonality extraction by function fitting to time-series of satellite sensor data},
  volume       = {40},
  number       = {8},
  pages        = {1824-1832},
  issn         = {0196-2892},
  year         = {2002-08},
  doi          = {10.1109/TGRS.2002.802519},
  journal = {IEEE Transactions on Geoscience and Remote Sensing},
}

@article{Kastens2017,
  author  = {Kastens, J. and Brown, J. and Coutinho, A. and Bishop, C. and Esquerdo, J.},
  title   = {Soy moratorium impacts on soybean and deforestation dynamics in {Mato Grosso, Brazil}},
  journal = {PLOS ONE},
  year    = {2017},
  volume  = {12},
  number  = {4},
  pages   = {e0176168},
}

@article{Kennedy2010,
  author  = {Robert E. Kennedy and Zhiqiang Yang and Warren B. Cohen},
  title   = {Detecting trends in forest disturbance and recovery using yearly {L}andsat time series},
  journal = {Remote Sensing of Environment},
  year    = {2010},
  volume  = {114},
  number  = {12},
  pages   = {2897-2910},
}

@article{Kennedy2014,
  author       = {Kennedy, Robert E and Andréfouët, Serge and Cohen, Warren B and Gómez, Cristina and Griffiths, Patrick and Hais, Martin and Healey, Sean P and Helmer, Eileen H and Hostert, Patrick and Lyons, Mitchell B and Meigs, Garrett W and Pflugmacher, Dirk and Phinn, Stuart R and Powell, Scott L and Scarth, Peter and Sen, Susmita and Schroeder, Todd A and Schneider, Annemarie and Sonnenschein, Ruth and Vogelmann, James E and Wulder, Michael A and Zhu, Zhe},
  title        = {Bringing an ecological view of change to Landsat-based remote sensing},
  volume       = {12},
  number       = {6},
  pages        = {339--346},
  issn         = {1540-9309},
  year         = {2014},
  doi          = {10.1890/130066},
  journal = {Frontiers in Ecology and the Environment},
  publisher    = {Ecological Society of America},
}

@InProceedings{Keogh2003,
  author    = {Keogh, Eamonn and Lin, Jessica and Truppel, Wagner},
  title     = {Clustering of time series subsequences is meaningless: Implications for previous and future research},
  booktitle = {Data Mining, 2003. ICDM 2003. Third IEEE International Conference on},
  pages     = {115--122},
  year      = {2003},
}

@Article{Keogh2005,
  author       = {Keogh, Eamonn and Ratanamahatana, Chotirat Ann},
  title        = {Exact indexing of dynamic time warping},
  volume       = {7},
  number       = {3},
  pages        = {358--386},
  issn         = {0219-3116},
  year         = {2005},
  doi          = {10.1007/s10115-004-0154-9},
  journal = {Knowledge and Information Systems},
}

@article{Lambin2003,
  author  = {Lambin, Eric F and Geist, Helmut J and Lepers, Erika},
  title   = {Dynamics of land-use and land-cover change in tropical regions},
  journal = {Annual review of environment and resources},
  year    = {2003},
  volume  = {28},
  number  = {1},
  pages   = {205--241},
}

@Article{Lambin2006,
  author  = {Lambin, E.F. and Linderman, M.},
  title   = {Time series of remote sensing data for land change science},
  journal = {IEEE Transactions on Geoscience and Remote Sensing},
  year    = {2006},
  volume  = {44},
  number  = {7},
  pages   = {1926-1928},
}

@Article{Liao2005,
  author       = {Liao, T Warren},
  title        = {Clustering of time series data—a survey},
  volume       = {38},
  number       = {11},
  pages        = {1857--1874},
  year         = {2005},
  journal = {Pattern recognition},
}

@article{Maus2016,
  author       = {Maus, Victor and Camara, Gilberto and Cartaxo, Ricardo and Sanchez, Alber and Ramos, Fernando M and de Queiroz, Gilberto R},
  title        = {A Time-Weighted Dynamic Time Warping Method for Land-Use and Land-Cover Mapping},
  volume       = {9},
  number       = {8},
  pages        = {3729 - 3739},
  year         = {2016},
  journal = {IEEE Journal of Selected Topics in Applied Earth Observations and Remote Sensing},
}

@Article{Maus2017,
  author       = {Maus, Victor and C{\^a}mara, Gilberto and Appel, Marius and Pebesma, Edzer},
  title        = {dtwSat: Time-Weighted Dynamic Time Warping for Satellite Image Time Series Analysis in R},
  year         = {2017},
  journal = {Journal of Statistical Software},
}

@Article{Morton2006,
  author  = {Morton, DC and DeFries, RS and Shimabukuro, YE and Anderson, LO and Arai, E and del Bon Espirito-Santo, F and Freitas, R and Morisette, J},
  title   = {Cropland expansion changes deforestation dynamics in the southern Brazilian Amazon},
  journal = {Proceedings of the National Academy of Sciences},
  year    = {2006},
  volume  = {103},
  number  = {39},
  pages   = {14637},
}

@article{Mountrakis2011,
  author  = {Mountrakis, G. and Im, J. and Ogole, C.},
  title   = {Support vector machines in remote sensing: A review},
  journal = {ISPRS Journal of Photogrammetry and Remote Sensing},
  year    = {2011},
  volume  = {66},
  number  = {3},
  pages   = {247-259},
}

@Book{Mueller2007,
  title     = {Information retrieval for music and motion},
  publisher = {Springer},
  author    = {M{\"u}ller, Meinard},
  volume    = {2},
  year      = {2007},
}

@article{Pasquarella2016,
  author       = {Pasquarella, Valerie J. and Holden, Christopher E. and Kaufman, Les and Woodcock, Curtis E.},
  title        = {From imagery to ecology: leveraging time series of all available {LANDSAT} observations to map and monitor ecosystem state and dynamics},
  volume       = {2},
  number       = {3},
  pages        = {152--170},
  issn         = {2056-3485},
  year         = {2016},
  doi          = {10.1002/rse2.24},
  journal = {Remote Sensing in Ecology and Conservation},
}

@article{Pelletier2016,
  title   = {Assessing the robustness of Random Forests to map land cover with high resolution satellite image time series over large areas},
  author  = {Pelletier, Charlotte and Valero, Silvia and Inglada, Jordi and Champion, Nicolas and Dedieu, Gerard},
  journal = {Remote Sensing of Environment},
  volume  = {187},
  pages   = {156--168},
  year    = {2016}
}

@article{Rajao2009,
  title     =   {Conceptions of control and IT artefacts: an institutional account of the Amazon rainforest monitoring system},
  author    =   {Raj{\~a}o, Raoni and Hayes, Niall},
  journal   =   {Journal of Information Technology},
  volume    =   {24},
  number    =   {4},
  pages     =   {320--331},
  year      =   {2009}
}

@InProceedings{Ribeiro2015,
  author    = {Queiroz, Gilberto Ribeiro de and Ferreira, Karine Reis and Vinhas, Lubia and Camara, Gilberto and Costa, Raphael Willian da and Souza, Ricardo Cartaxo Modesto de and Maus, Victor Wegner and Sanchez, Alber},
  title     = {{WTSS}: um servi\c{c}o web para extra\c{c}\~{a}o de s\'{e}ries temporais de imagens de sensoriamento remoto},
  booktitle = {Proceeding of the XVII Remote Sensing Brazilian Symposium},
  year      = {2015},
  pages     = {7553--7560},
}

@Article{Sakamoto2005,
  author  = {Toshihiro Sakamoto and Masayuki Yokozawa and Hitoshi Toritani and Michio Shibayama and Naoki Ishitsuka and Hiroyuki Ohno},
  title   = {A crop phenology detection method using time-series {MODIS} data},
  journal = {Remote Sensing of Environment},
  year    = {2005},
  volume  = {96},
  number  = {3-4},
  pages   = {366-374},
}

@article{Savitzky1964,
  title={Smoothing and differentiation of data by simplified least squares procedures.},
  author={Savitzky, Abraham and Golay, Marcel JE},
  journal={Analytical chemistry},
  volume={36},
  number={8},
  pages={1627--1639},
  year={1964}
}

@InProceedings{Vinhas2016,
  author    = {Vinhas, Lubia and Ribeiro, Gilberto and Ferreira, Karine Reis and Camara, Gilberto},
  title     = {Web Services for Big {Earth} Observation Data},
  booktitle = {Proceedings of the 17th Brazilian Symposium on GeoInformatics},
  pages     = {26--35},
  year      = {2016},
  publisher = {INPE},
  address   = {Campos do Jordão, SP, Brazil},
}

@article{Ward1963,
    title   =   {Hierarchical grouping to optimize an objective function},
    author  =   {Ward, Joe H},
    journal =   {Journal of the American statistical association},
    volume  =   {58},
    number  =   {301},
    pages   =   {236--244},
    year    =   {1963}
}

@book{Wickham2017,
 author = {Wickham, Hadley and Grolemund, Garrett},
 title = {R for Data Science: Import, Tidy, Transform, Visualize, and Model Data},
 year = {2017},
 publisher = {O'Reilly Media, Inc.},
}

@article{Whittaker1922,
  title={On a new method of graduation},
  author={Whittaker, Edmund T},
  journal={Proceedings of the Edinburgh Mathematical Society},
  volume={41},
  pages={63--75},
  year={1922},
  publisher={Cambridge University Press}
}

@Article{Zeileis2005,
  author  = {Achim Zeileis and Gabor Grothendieck},
  title   = {zoo: S3 Infrastructure for Regular and Irregular Time Series},
  journal = {Journal of Statistical Software},
  year    = {2005},
  volume  = {14},
  number  = {6},
  pages   = {1--27},
}
